@misc{imgDNAbg,
	author		= {Gianluca Riccio},
	title		= {Ein DNA-Computer kann die Quadratwurzel von Zahlen bis zu 900 berechnen},
	year		= {2020},
	howpublished= {\url{https://de.futuroprossimo.it/2020/01/un-computer-di-dna-puo-calcolare-la-radice-quadrata-di-numeri-fino-a-900/}},
	note		= {Accessed on 2022-01-13}
}

@misc{img,
	title		= {Todays Information needs quality data storage devices},
	howpublished= {\url{https://medrecordsinfo.com/todays-information-needs-quality-data-storage-devices/}},
	note		= {Accessed on 2022-01-13}
}

@misc{imgServer,
	author		= {titanpower},
	title		= {Increasing Rate of Data Production Prompts Google to Rethink Data Center Storage},
	year		= {2016},
	howpublished= {\url{https://www.titanpower.com/blog/increasing-rate-of-data-production-prompts-google-to-rethink-data-center-storage/}},
	note		= {Accessed on 2022-01-13}
}

@misc{imgTransistor,
	author		= {Michael Irving},
	title		= {Smallest 3D transistors ever made measure a minuscule 2.5 nanometers},
	year		= {2018},
	howpublished= {\url{https://newatlas.com/smallest-transistors-microfabrication/57583/}},
	note		= {Accessed on 2022-01-13}
}

@misc{imgProcessor,
	author		= {GuitarFreak},
	title		= {An Intel Core 2 Duo E6750 dual-core processor},
	year		= {2008},
	howpublished= {\url{https://en.wikipedia.org/wiki/Multi-core_processor#/media/File:E6750bs8.jpg}},
	note		= {Accessed on 2022-01-13}
}

@misc{imgDNA,
	author		= {biologie schule},
	title		= {Die DNA (Desoxyribonukleinsäure)},
	howpublished= {\url{https://www.biologie-schule.de/desoxyribonukleinsaeure-dna.php}},
	note		= {Accessed on 2022-01-13}
}

@misc{gifDNAandContent,
	author		= {lecturio},
	title		= {Die Desoxyribonukleinsäure – Aufbau, Struktur und verschiedene Arten der DNA},
	year		= {2021},
	howpublished= {\url{https://www.lecturio.de/magazin/dna/}},
	note		= {Accessed on 2022-01-13}
}

@misc{imgDNAandContent,
	author		= {studyflix},
	title		= {DNA (Desoxyribonukleinsäure)},
	howpublished= {\url{https://studyflix.de/biologie/dna-desoxyribonukleinsaure-2444}},
	note		= {Accessed on 2022-01-13}
}

@misc{imgProCon,
	author		= {thieme},
	title		= {Sozialpsychiatrie kann als eigenständiges Gebiet abgeschafft werden – Pro & Kontra},
	year		= {2013},
	howpublished={\url{https://www.thieme.de/de/psychiatrie-psychotherapie-psychosomatik/sozialpsychiatrie-kann-abgeschafft-werden-pro-kontra-53872.htm}},
	note		= {Accessed on 2022-01-13}
}

@misc{imgAdleman,
	author		= {len adlman},
	title		= {Leonard Adleman},
	year		= {2010},
	howpublished= {\url{https://de.wikipedia.org/wiki/Leonard_Adleman#/media/Datei:Len-mankin-pic.jpg}},
	note		= {Accessed on 2022-01-13}
}

@misc{DNA:1,
	author 		= {Redaktion SimplyScience.ch},
	title 		= {DNA - Was ist das?},
	year 		= {2013},
	howpublished= {\url{https://www.simplyscience.ch/kids/wissen/dna-was-ist-das}},
	note		= {Accessed on 2022-01-13}
}

@misc{DNA:2,
	author		= {serlo},
	title		= {DNA - Was ist das?},
	howpublished= {\url{https://de.serlo.org/biologie/70762/dna-was-ist-das}},
	note		= {Accessed on 2022-01-13}
}

@misc{DNA:3,
	author		= {Dennis Rudolph},
	title		= {DNA / DNS Aufbau und Struktur},
	howpublished= {\url{https://www.frustfrei-lernen.de/biologie/dna-dns-aufbau-struktur.html}},
	note		= {Accessed on 2022-01-13}
}

@misc{DNAC:1,
	author		= {wikipedia},
	title		= {DNA-Computer},
	year		= {2021},
	howpublished= {\url{https://de.wikipedia.org/wiki/DNA-Computer}},
	note		= {Accessed on 2022-01-13}
}

@misc{DNAC:2,
	author		= {Breaking Lab},
	title		= {Größte Festplatte der Welt durch künstliche DNA},
	year		= {2021},
	howpublished= {\url{https://www.youtube.com/watch?v=qwjQcBhervk}},
	note		= {Accessed on 2022-01-13}
}

@misc{TT100,
	author		= {wikipedia},
	title		= {TT-100},
	year		= {2020},
	howpublished= {\url{https://de.wikipedia.org/wiki/TT-100}},
	note		= {Accessed on 2022-01-13}
}

@misc{DNAC:3, 
	author 		= {John Loeffler},
	title		= {What is DNA Computing, How Does it Work, and Why it's Such a Big Deal},
	year		= {2019},
	howpublished= {\url{https://interestingengineering.com/what-is-dna-computing-how-does-it-work-and-why-its-such-a-big-deal}},
	note 		= {Accessed on 2022-01-13}
}

@misc{DNAC:4,
	author		= {virginialeenlaw},
	title		= {Readers ask: How much data can be stored in dna?},
	howpublished= {\url{https://www.virginialeenlaw.com/help/readers-ask-how-much-data-can-be-stored-in-dna.html}},
	note		= {Accessed on 2022-01-13}
}

@misc{DNAC:5,
	author		= {Dina Zielinski on TED},
	title		= {How we can store digital data in DNA | Dina Zielinski},
	year		= {2019},
	howpublished= {\url{https://www.youtube.com/watch?v=wxStlzunxCw}},
	note		= {Accessed on 2022-01-13}
}

@misc{DNAC:6,
	author		= {A Cloud Guru},
	title		= {Future of Tech: DNA Computing},
	year		= {2020},
	howpublished= {\url{https://www.youtube.com/watch?v=vefBhhjodpE}},
	note		= {Accessed on 2022-01-13}
}

@misc{DNAC:7,
	author		= {Nick Gold on ETCenterVideos},
	title		= {The Emergence of DNA Data Storage, and the Future of DNA Computing: Nick Gold, Catalog},
	year		= {2019},
	howpublished= {\url{https://www.youtube.com/watch?v=1_OMEQ5SORg&t=156s}},
	note		= {Accessed on 2022-01-13}
}

@book{puaun1998dna,
  title={DNA computing: new computing paradigms},
  author={P{\u{a}}un, Gheorghe and Rozenberg, Grzegorz and Salomaa, Arto},
  year={1998},
  publisher={Springer}
}

@article{ezziane2005dna,
  title={DNA computing: applications and challenges},
  author={Ezziane, Z},
  journal={Nanotechnology},
  volume={17},
  number={2},
  pages={R27},
  year={2005},
  publisher={IOP Publishing}
}

@article{adleman1994molecular,
  title={Molecular computation of solutions to combinatorial problems},
  author={Adleman, Leonard M},
  journal={Science},
  volume={266},
  number={5187},
  pages={1021--1024},
  year={1994},
  publisher={American Association for the Advancement of Science}
}

@article{adleman1998computing,
  title={Computing with DNA},
  author={Adleman, Leonard M},
  journal={Scientific american},
  volume={279},
  number={2},
  pages={54--61},
  year={1998},
  publisher={JSTOR}
}


@inproceedings{muhammad2005dna,
  title={DNA computing for complex scheduling problem},
  author={Muhammad, Mohd Saufee and Ibrahim, Zuwairie and Ueda, Satomi and Ono, Osamu and Khalid, Marzuki},
  booktitle={International Conference on Natural Computation},
  pages={1182--1191},
  year={2005},
  organization={Springer}
}

@incollection{namasudra2018introduction,
  title={Introduction of DNA computing in cryptography},
  author={Namasudra, Suyel and Deka, Ganesh Chra},
  booktitle={Advances of DNA computing in cryptography},
  pages={1--18},
  year={2018},
  publisher={Chapman and Hall/CRC}
}




